% Use this file for citations not found in the ACL Anthology (contained in "anthology.bib").

@misc{all-MiniLM-L6-v2,
  title        = {all-MiniLM-L6-v2},
  howpublished = {\url{https://huggingface.co/sentence-transformers/all-MiniLM-L6-v2}},
  year         = {2025},
  note         = {Accessed: 2025-04-25}
}

@inproceedings{demszky2020goemotions,
  author    = {Demszky, Dorottya and Movshovitz-Attias, Dana and Ko, Jeongwoo and Cowen, Alan and Nemade, Gaurav and Ravi, Sujith},
  booktitle = {58th Annual Meeting of the Association for Computational Linguistics (ACL)},
  title     = {{GoEmotions: A Dataset of Fine-Grained Emotions}},
  year      = {2020}
}

@misc{Ghoshal,
  author       = {Ghoshal, Arpan},
  title        = {EkmanClassifer},
  howpublished = {\url{https://huggingface.co/arpanghoshal/EkmanClassifier}},
  year         = {2022},
  note         = {Accessed: 2025-04-25}
}

@misc{Ghoshal2,
  author       = {Ghoshal, Arpan},
  title        = {Ekman Classifier},
  howpublished = {\url{https://www.promptlayer.com/models/ekmanclassifier}},
  note         = {Accessed: 2025-04-25}
}

@misc{Imbalanced,
  title        = {Datasets: Imbalanced datasets},
  howpublished = {\url{https://developers.google.com/machine-learning/crash-course/overfitting/imbalanced-datasets}},
  note         = {Accessed: 2025-04-26}
}

@inproceedings{mohammad-2012-emotional,
  title     = {{\#}Emotional Tweets},
  author    = {Mohammad, Saif},
  editor    = {Agirre, Eneko  and
               Bos, Johan  and
               Diab, Mona  and
               Manandhar, Suresh  and
               Marton, Yuval  and
               Yuret, Deniz},
  booktitle = {*{SEM} 2012: The First Joint Conference on Lexical and Computational Semantics {--} Volume 1: Proceedings of the main conference and the shared task, and Volume 2: Proceedings of the Sixth International Workshop on Semantic Evaluation ({S}em{E}val 2012)},
  month     = {7-8 } # jun,
  year      = {2012},
  address   = {Montr{\'e}al, Canada},
  publisher = {Association for Computational Linguistics},
  url       = {https://aclanthology.org/S12-1033/},
  pages     = {246--255}
}

@misc{Mohammad,
  author       = {Mohammad, Saif},
  title        = {MetaCorpus},
  howpublished = {\url{https://socialmediaie.github.io/MetaCorpus/#:~:text=Hashtag%20Emotion%20Corpus%20(aka%20Twitter%20Emotion%20Corpus,%20or%20TEC)}},
  note         = {Accessed: 2025-02-24}
}

@software{MokaMassiveMixedEmbedding,
  author = {Wang Yuxin,Sun Qingxuan,He sicheng},
  title  = {M3E: Moka Massive Mixed Embedding Model},
  year   = {2023}
}


@misc{NeuroLaunch,
  title        = {Paul Ekmanâ€™s Basic Emotions: Decoding Universal Facial Expressions},
  howpublished = {\url{https://neurolaunch.com/paul-ekman-basic-emotions/}},
  year         = {2024},
  note         = {Accessed: 2025-02-24}
}


@misc{Valente,
  author       = {Valente, Andrea},
  title        = {Sentiment Analysis on Ekman's Six Basic Emotions Corpus},
  howpublished = {\url{https://github.com/Valendrew/ekman-emotion-detection}},
  year         = {2022},
  note         = {Accessed: 2025-04-28}
}

@misc{Vis,
  author       = {Vis, Dave},
  title        = {Official Top 250 Narrative Feature Films},
  howpublished = {\url{https://letterboxd.com/dave/list/official-top-250-narrative-feature-films/}},
  month        = {February},
  year         = {2025},
  note         = {Accessed: 2025-02-24}
}


